<record><leader>00000cas a2200000 a 4500</leader><controlfield tag="001">35852996</controlfield><controlfield tag="008">961106d1924196umiuwr ne      0    0eng c</controlfield><datafield ind1=" " ind2=" " tag="010"><subfield code="a">sn 96077227 </subfield></datafield><datafield ind1=" " ind2=" " tag="040"><subfield code="a">MHN</subfield><subfield code="b">eng</subfield><subfield code="c">MHN</subfield><subfield code="d">OCL</subfield><subfield code="d">OCLCQ</subfield><subfield code="d">OCLCF</subfield><subfield code="d">OCLCO</subfield></datafield><datafield ind1="1" ind2=" " tag="029"><subfield code="a">AU@</subfield><subfield code="b">000012911136</subfield></datafield><datafield ind1=" " ind2=" " tag="042"><subfield code="a">pcc</subfield></datafield><datafield ind1=" " ind2=" " tag="043"><subfield code="a">n-us-mi</subfield></datafield><datafield ind1="0" ind2="4" tag="245"><subfield code="a">The tribune-record.</subfield></datafield><datafield ind1=" " ind2=" " tag="260"><subfield code="a">Manton, Mich. :</subfield><subfield code="b">Gerald B. Herrider</subfield></datafield><datafield ind1=" " ind2=" " tag="300"><subfield code="a">v.</subfield></datafield><datafield ind1=" " ind2=" " tag="310"><subfield code="a">Weekly</subfield></datafield><datafield ind1="0" ind2=" " tag="362"><subfield code="a">No. 42 (May 16, 1924)-</subfield></datafield><datafield ind1=" " ind2=" " tag="515"><subfield code="a">Numbering begins with: No. 1, every July.</subfield></datafield><datafield ind1=" " ind2=" " tag="515"><subfield code="a">Volume number added: &lt;Vol. 58, no. 4 (Aug. 30, 1935)&gt;.</subfield></datafield><datafield ind1=" " ind2="0" tag="651"><subfield code="a">Manton (Mich.)</subfield><subfield code="v">Newspapers.</subfield></datafield><datafield ind1=" " ind2="0" tag="651"><subfield code="a">Wexford County (Mich.)</subfield><subfield code="v">Newspapers.</subfield></datafield><datafield ind1=" " ind2="7" tag="655"><subfield code="a">Newspapers.</subfield><subfield code="2">fast</subfield><subfield code="0">(OCoLC)fst01423814</subfield></datafield><datafield ind1=" " ind2="7" tag="651"><subfield code="a">Michigan</subfield><subfield code="z">Manton.</subfield><subfield code="2">fast</subfield><subfield code="0">(OCoLC)fst01259250</subfield></datafield><datafield ind1=" " ind2="7" tag="651"><subfield code="a">Michigan</subfield><subfield code="z">Wexford County.</subfield><subfield code="2">fast</subfield><subfield code="0">(OCoLC)fst01214776</subfield></datafield><datafield ind1=" " ind2=" " tag="752"><subfield code="a">United States</subfield><subfield code="b">Michigan</subfield><subfield code="c">Wexford</subfield><subfield code="d">Manton.</subfield></datafield><datafield ind1="0" ind2="0" tag="780"><subfield code="t">Manton tribune-record</subfield><subfield code="w">(DLC)sn 96077226</subfield><subfield code="w">(OCoLC)35834093</subfield></datafield></record>